@inproceedings{Chen:2002,
 author = {Chen, Shimin and Gibbons, Phillip B. and Mowry, Todd C. and Valentin, Gary},
 title = {Fractal prefetching B+-Trees: optimizing both cache and disk performance},
 booktitle = {Proceedings of the 2002 ACM SIGMOD international conference on Management of data},
 series = {SIGMOD '02},
 year = {2002},
 isbn = {1-58113-497-5},
 location = {Madison, Wisconsin},
 pages = {157--168},
 numpages = {12},
 url = {http://doi.acm.org/10.1145/564691.564710},
 doi = {10.1145/564691.564710},
 acmid = {564710},
 publisher = {ACM},
 address = {New York, NY, USA},
} 